%YAML 1.1
%TAG !u! tag:unity3d.com,2011:
--- !u!1 &1455574672678722780
GameObject:
  m_ObjectHideFlags: 0
  m_CorrespondingSourceObject: {fileID: 0}
  m_PrefabInstance: {fileID: 0}
  m_PrefabAsset: {fileID: 0}
  serializedVersion: 6
  m_Component:
  - component: {fileID: 4871511158909456781}
  m_Layer: 11
  m_Name: Decorazioni
  m_TagString: Untagged
  m_Icon: {fileID: 0}
  m_NavMeshLayer: 0
  m_StaticEditorFlags: 0
  m_IsActive: 1
--- !u!4 &4871511158909456781
Transform:
  m_ObjectHideFlags: 0
  m_CorrespondingSourceObject: {fileID: 0}
  m_PrefabInstance: {fileID: 0}
  m_PrefabAsset: {fileID: 0}
  m_GameObject: {fileID: 1455574672678722780}
  m_LocalRotation: {x: 0, y: 0, z: 0, w: 1}
  m_LocalPosition: {x: 0, y: 0, z: 0}
  m_LocalScale: {x: 1, y: 1, z: 1}
  m_Children: []
  m_Father: {fileID: 3591077581064663016}
  m_RootOrder: 6
  m_LocalEulerAnglesHint: {x: 0, y: 0, z: 0}
--- !u!1 &2266701209471696195
GameObject:
  m_ObjectHideFlags: 0
  m_CorrespondingSourceObject: {fileID: 0}
  m_PrefabInstance: {fileID: 0}
  m_PrefabAsset: {fileID: 0}
  serializedVersion: 6
  m_Component:
  - component: {fileID: 8386510813296806733}
  m_Layer: 0
  m_Name: Camera Ancor
  m_TagString: Untagged
  m_Icon: {fileID: 2974397684917235467, guid: 0000000000000000d000000000000000, type: 0}
  m_NavMeshLayer: 0
  m_StaticEditorFlags: 0
  m_IsActive: 1
--- !u!4 &8386510813296806733
Transform:
  m_ObjectHideFlags: 0
  m_CorrespondingSourceObject: {fileID: 0}
  m_PrefabInstance: {fileID: 0}
  m_PrefabAsset: {fileID: 0}
  m_GameObject: {fileID: 2266701209471696195}
  m_LocalRotation: {x: 0, y: 0, z: 0, w: 1}
  m_LocalPosition: {x: 0, y: 0, z: -10}
  m_LocalScale: {x: 1, y: 1, z: 1}
  m_Children: []
  m_Father: {fileID: 3591077581064663016}
  m_RootOrder: 1
  m_LocalEulerAnglesHint: {x: 0, y: 0, z: 0}
--- !u!1 &3591077581064663019
GameObject:
  m_ObjectHideFlags: 0
  m_CorrespondingSourceObject: {fileID: 0}
  m_PrefabInstance: {fileID: 0}
  m_PrefabAsset: {fileID: 0}
  serializedVersion: 6
  m_Component:
  - component: {fileID: 3591077581064663016}
  - component: {fileID: 3591077581064663017}
  m_Layer: 11
  m_Name: Room_Four_Up_Down_Left_Right
  m_TagString: Untagged
  m_Icon: {fileID: 0}
  m_NavMeshLayer: 0
  m_StaticEditorFlags: 0
  m_IsActive: 1
--- !u!4 &3591077581064663016
Transform:
  m_ObjectHideFlags: 0
  m_CorrespondingSourceObject: {fileID: 0}
  m_PrefabInstance: {fileID: 0}
  m_PrefabAsset: {fileID: 0}
  m_GameObject: {fileID: 3591077581064663019}
  m_LocalRotation: {x: 0, y: 0, z: 0, w: 1}
  m_LocalPosition: {x: 0, y: 0, z: 0}
  m_LocalScale: {x: 1, y: 1, z: 1}
  m_Children:
  - {fileID: 4263497957874715744}
  - {fileID: 8386510813296806733}
  - {fileID: 5127639486780095515}
  - {fileID: 877217940487092032}
  - {fileID: 1298508553322003029}
  - {fileID: 5746895698099477086}
  - {fileID: 4871511158909456781}
  - {fileID: 7344890500462873676}
  m_Father: {fileID: 0}
  m_RootOrder: 0
  m_LocalEulerAnglesHint: {x: 0, y: 0, z: 0}
--- !u!61 &3591077581064663017
BoxCollider2D:
  m_ObjectHideFlags: 0
  m_CorrespondingSourceObject: {fileID: 0}
  m_PrefabInstance: {fileID: 0}
  m_PrefabAsset: {fileID: 0}
  m_GameObject: {fileID: 3591077581064663019}
  m_Enabled: 1
  m_Density: 1
  m_Material: {fileID: 0}
  m_IsTrigger: 1
  m_UsedByEffector: 0
  m_UsedByComposite: 0
  m_Offset: {x: 0, y: 0}
  m_SpriteTilingProperty:
    border: {x: 0, y: 0, z: 0, w: 0}
    pivot: {x: 0, y: 0}
    oldSize: {x: 0, y: 0}
    newSize: {x: 0, y: 0}
    adaptiveTilingThreshold: 0
    drawMode: 0
    adaptiveTiling: 0
  m_AutoTiling: 0
  serializedVersion: 2
  m_Size: {x: 18, y: 10}
  m_EdgeRadius: 0
--- !u!1 &6702398553625985173
GameObject:
  m_ObjectHideFlags: 0
  m_CorrespondingSourceObject: {fileID: 0}
  m_PrefabInstance: {fileID: 0}
  m_PrefabAsset: {fileID: 0}
  serializedVersion: 6
  m_Component:
  - component: {fileID: 7344890500462873676}
  - component: {fileID: 749834535505012728}
  - component: {fileID: 2213155963769033577}
  - component: {fileID: 4124113934872517757}
  - component: {fileID: 6800951132952163195}
  m_Layer: 12
  m_Name: Mura
  m_TagString: Untagged
  m_Icon: {fileID: 0}
  m_NavMeshLayer: 0
  m_StaticEditorFlags: 0
  m_IsActive: 1
--- !u!4 &7344890500462873676
Transform:
  m_ObjectHideFlags: 0
  m_CorrespondingSourceObject: {fileID: 0}
  m_PrefabInstance: {fileID: 0}
  m_PrefabAsset: {fileID: 0}
  m_GameObject: {fileID: 6702398553625985173}
  m_LocalRotation: {x: -0, y: -0, z: -0, w: 1}
  m_LocalPosition: {x: 0, y: 0, z: 0}
  m_LocalScale: {x: 1, y: 1, z: 1}
  m_Children: []
  m_Father: {fileID: 3591077581064663016}
  m_RootOrder: 7
  m_LocalEulerAnglesHint: {x: 0, y: 0, z: 0}
--- !u!61 &749834535505012728
BoxCollider2D:
  m_ObjectHideFlags: 0
  m_CorrespondingSourceObject: {fileID: 0}
  m_PrefabInstance: {fileID: 0}
  m_PrefabAsset: {fileID: 0}
  m_GameObject: {fileID: 6702398553625985173}
  m_Enabled: 1
  m_Density: 1
  m_Material: {fileID: 0}
  m_IsTrigger: 0
  m_UsedByEffector: 0
  m_UsedByComposite: 0
  m_Offset: {x: 0, y: 5}
  m_SpriteTilingProperty:
    border: {x: 0, y: 0, z: 0, w: 0}
    pivot: {x: 0, y: 0}
    oldSize: {x: 0, y: 0}
    newSize: {x: 0, y: 0}
    adaptiveTilingThreshold: 0
    drawMode: 0
    adaptiveTiling: 0
  m_AutoTiling: 0
  serializedVersion: 2
  m_Size: {x: 20, y: 1}
  m_EdgeRadius: 0
--- !u!61 &2213155963769033577
BoxCollider2D:
  m_ObjectHideFlags: 0
  m_CorrespondingSourceObject: {fileID: 0}
  m_PrefabInstance: {fileID: 0}
  m_PrefabAsset: {fileID: 0}
  m_GameObject: {fileID: 6702398553625985173}
  m_Enabled: 1
  m_Density: 1
  m_Material: {fileID: 0}
  m_IsTrigger: 0
  m_UsedByEffector: 0
  m_UsedByComposite: 0
  m_Offset: {x: 0, y: -5}
  m_SpriteTilingProperty:
    border: {x: 0, y: 0, z: 0, w: 0}
    pivot: {x: 0, y: 0}
    oldSize: {x: 0, y: 0}
    newSize: {x: 0, y: 0}
    adaptiveTilingThreshold: 0
    drawMode: 0
    adaptiveTiling: 0
  m_AutoTiling: 0
  serializedVersion: 2
  m_Size: {x: 20, y: 1}
  m_EdgeRadius: 0
--- !u!61 &4124113934872517757
BoxCollider2D:
  m_ObjectHideFlags: 0
  m_CorrespondingSourceObject: {fileID: 0}
  m_PrefabInstance: {fileID: 0}
  m_PrefabAsset: {fileID: 0}
  m_GameObject: {fileID: 6702398553625985173}
  m_Enabled: 1
  m_Density: 1
  m_Material: {fileID: 0}
  m_IsTrigger: 0
  m_UsedByEffector: 0
  m_UsedByComposite: 0
  m_Offset: {x: 9, y: 0}
  m_SpriteTilingProperty:
    border: {x: 0, y: 0, z: 0, w: 0}
    pivot: {x: 0, y: 0}
    oldSize: {x: 0, y: 0}
    newSize: {x: 0, y: 0}
    adaptiveTilingThreshold: 0
    drawMode: 0
    adaptiveTiling: 0
  m_AutoTiling: 0
  serializedVersion: 2
  m_Size: {x: 1, y: 11}
  m_EdgeRadius: 0
--- !u!61 &6800951132952163195
BoxCollider2D:
  m_ObjectHideFlags: 0
  m_CorrespondingSourceObject: {fileID: 0}
  m_PrefabInstance: {fileID: 0}
  m_PrefabAsset: {fileID: 0}
  m_GameObject: {fileID: 6702398553625985173}
  m_Enabled: 1
  m_Density: 1
  m_Material: {fileID: 0}
  m_IsTrigger: 0
  m_UsedByEffector: 0
  m_UsedByComposite: 0
  m_Offset: {x: -9, y: 0}
  m_SpriteTilingProperty:
    border: {x: 0, y: 0, z: 0, w: 0}
    pivot: {x: 0, y: 0}
    oldSize: {x: 0, y: 0}
    newSize: {x: 0, y: 0}
    adaptiveTilingThreshold: 0
    drawMode: 0
    adaptiveTiling: 0
  m_AutoTiling: 0
  serializedVersion: 2
  m_Size: {x: 1, y: 11}
  m_EdgeRadius: 0
--- !u!1 &7350050464214632795
GameObject:
  m_ObjectHideFlags: 0
  m_CorrespondingSourceObject: {fileID: 0}
  m_PrefabInstance: {fileID: 0}
  m_PrefabAsset: {fileID: 0}
  serializedVersion: 6
  m_Component:
  - component: {fileID: 4263497957874715744}
  - component: {fileID: 3722059618169899394}
  m_Layer: 0
  m_Name: RoomNew Sprite
  m_TagString: Untagged
  m_Icon: {fileID: 0}
  m_NavMeshLayer: 0
  m_StaticEditorFlags: 0
  m_IsActive: 1
--- !u!4 &4263497957874715744
Transform:
  m_ObjectHideFlags: 0
  m_CorrespondingSourceObject: {fileID: 0}
  m_PrefabInstance: {fileID: 0}
  m_PrefabAsset: {fileID: 0}
  m_GameObject: {fileID: 7350050464214632795}
  m_LocalRotation: {x: 0, y: 0, z: 0, w: 1}
  m_LocalPosition: {x: 0, y: 0, z: 0}
  m_LocalScale: {x: 1, y: 1, z: 1}
  m_Children: []
  m_Father: {fileID: 3591077581064663016}
  m_RootOrder: 0
  m_LocalEulerAnglesHint: {x: 0, y: 0, z: 0}
--- !u!212 &3722059618169899394
SpriteRenderer:
  m_ObjectHideFlags: 0
  m_CorrespondingSourceObject: {fileID: 0}
  m_PrefabInstance: {fileID: 0}
  m_PrefabAsset: {fileID: 0}
  m_GameObject: {fileID: 7350050464214632795}
  m_Enabled: 1
  m_CastShadows: 0
  m_ReceiveShadows: 0
  m_DynamicOccludee: 1
  m_MotionVectors: 1
  m_LightProbeUsage: 1
  m_ReflectionProbeUsage: 1
  m_RayTracingMode: 0
  m_RenderingLayerMask: 1
  m_RendererPriority: 0
  m_Materials:
  - {fileID: 10754, guid: 0000000000000000f000000000000000, type: 0}
  m_StaticBatchInfo:
    firstSubMesh: 0
    subMeshCount: 0
  m_StaticBatchRoot: {fileID: 0}
  m_ProbeAnchor: {fileID: 0}
  m_LightProbeVolumeOverride: {fileID: 0}
  m_ScaleInLightmap: 1
  m_ReceiveGI: 1
  m_PreserveUVs: 0
  m_IgnoreNormalsForChartDetection: 0
  m_ImportantGI: 0
  m_StitchLightmapSeams: 1
  m_SelectedEditorRenderState: 0
  m_MinimumChartSize: 4
  m_AutoUVMaxDistance: 0.5
  m_AutoUVMaxAngle: 89
  m_LightmapParameters: {fileID: 0}
  m_SortingLayerID: 0
  m_SortingLayer: 0
  m_SortingOrder: -20
  m_Sprite: {fileID: 21300000, guid: a5f94b27bbe5448a4860ec83c81fc3ab, type: 3}
  m_Color: {r: 1, g: 1, b: 1, a: 1}
  m_FlipX: 0
  m_FlipY: 0
  m_DrawMode: 0
  m_Size: {x: 19.2, y: 10.8}
  m_AdaptiveModeThreshold: 0.5
  m_SpriteTileMode: 0
  m_WasSpriteAssigned: 1
  m_MaskInteraction: 0
  m_SpriteSortPoint: 0
--- !u!1001 &3458669677113813968
PrefabInstance:
  m_ObjectHideFlags: 0
  serializedVersion: 2
  m_Modification:
    m_TransformParent: {fileID: 3591077581064663016}
    m_Modifications:
    - target: {fileID: 2158117711759852646, guid: 5b834262810734823b6610ba8d5d17cc,
        type: 3}
      propertyPath: whatIsRoom.m_Bits
      value: 2048
      objectReference: {fileID: 0}
    - target: {fileID: 2581451742132411536, guid: 5b834262810734823b6610ba8d5d17cc,
        type: 3}
      propertyPath: m_LocalPosition.x
      value: -8.94
      objectReference: {fileID: 0}
    - target: {fileID: 2581451742132411536, guid: 5b834262810734823b6610ba8d5d17cc,
        type: 3}
      propertyPath: m_LocalPosition.y
      value: 0
      objectReference: {fileID: 0}
    - target: {fileID: 2581451742132411536, guid: 5b834262810734823b6610ba8d5d17cc,
        type: 3}
      propertyPath: m_LocalPosition.z
      value: 0
      objectReference: {fileID: 0}
    - target: {fileID: 2581451742132411536, guid: 5b834262810734823b6610ba8d5d17cc,
        type: 3}
      propertyPath: m_LocalRotation.x
      value: -0
      objectReference: {fileID: 0}
    - target: {fileID: 2581451742132411536, guid: 5b834262810734823b6610ba8d5d17cc,
        type: 3}
      propertyPath: m_LocalRotation.y
      value: -0
      objectReference: {fileID: 0}
    - target: {fileID: 2581451742132411536, guid: 5b834262810734823b6610ba8d5d17cc,
        type: 3}
      propertyPath: m_LocalRotation.z
      value: 0.7071068
      objectReference: {fileID: 0}
    - target: {fileID: 2581451742132411536, guid: 5b834262810734823b6610ba8d5d17cc,
        type: 3}
      propertyPath: m_LocalRotation.w
      value: 0.7071068
      objectReference: {fileID: 0}
    - target: {fileID: 2581451742132411536, guid: 5b834262810734823b6610ba8d5d17cc,
        type: 3}
      propertyPath: m_RootOrder
      value: 3
      objectReference: {fileID: 0}
    - target: {fileID: 2581451742132411536, guid: 5b834262810734823b6610ba8d5d17cc,
        type: 3}
      propertyPath: m_LocalEulerAnglesHint.x
      value: 0
      objectReference: {fileID: 0}
    - target: {fileID: 2581451742132411536, guid: 5b834262810734823b6610ba8d5d17cc,
        type: 3}
      propertyPath: m_LocalEulerAnglesHint.y
      value: 0
      objectReference: {fileID: 0}
    - target: {fileID: 2581451742132411536, guid: 5b834262810734823b6610ba8d5d17cc,
        type: 3}
      propertyPath: m_LocalEulerAnglesHint.z
      value: 90
      objectReference: {fileID: 0}
    - target: {fileID: 5743342373164562440, guid: 5b834262810734823b6610ba8d5d17cc,
        type: 3}
      propertyPath: m_Name
      value: Porta
      objectReference: {fileID: 0}
    - target: {fileID: 8475551989271232641, guid: 5b834262810734823b6610ba8d5d17cc,
        type: 3}
      propertyPath: m_LocalPosition.y
      value: 8
      objectReference: {fileID: 0}
    m_RemovedComponents: []
  m_SourcePrefab: {fileID: 100100000, guid: 5b834262810734823b6610ba8d5d17cc, type: 3}
--- !u!4 &877217940487092032 stripped
Transform:
  m_CorrespondingSourceObject: {fileID: 2581451742132411536, guid: 5b834262810734823b6610ba8d5d17cc,
    type: 3}
  m_PrefabInstance: {fileID: 3458669677113813968}
  m_PrefabAsset: {fileID: 0}
--- !u!1001 &3591077582403921605
PrefabInstance:
  m_ObjectHideFlags: 0
  serializedVersion: 2
  m_Modification:
    m_TransformParent: {fileID: 3591077581064663016}
    m_Modifications:
    - target: {fileID: 2158117711759852646, guid: 5b834262810734823b6610ba8d5d17cc,
        type: 3}
      propertyPath: whatIsRoom.m_Bits
      value: 2048
      objectReference: {fileID: 0}
    - target: {fileID: 2581451742132411536, guid: 5b834262810734823b6610ba8d5d17cc,
        type: 3}
      propertyPath: m_LocalPosition.x
      value: 8.94
      objectReference: {fileID: 0}
    - target: {fileID: 2581451742132411536, guid: 5b834262810734823b6610ba8d5d17cc,
        type: 3}
      propertyPath: m_LocalPosition.y
      value: 0
      objectReference: {fileID: 0}
    - target: {fileID: 2581451742132411536, guid: 5b834262810734823b6610ba8d5d17cc,
        type: 3}
      propertyPath: m_LocalPosition.z
      value: 0
      objectReference: {fileID: 0}
    - target: {fileID: 2581451742132411536, guid: 5b834262810734823b6610ba8d5d17cc,
        type: 3}
      propertyPath: m_LocalRotation.x
      value: 0
      objectReference: {fileID: 0}
    - target: {fileID: 2581451742132411536, guid: 5b834262810734823b6610ba8d5d17cc,
        type: 3}
      propertyPath: m_LocalRotation.y
      value: 0
      objectReference: {fileID: 0}
    - target: {fileID: 2581451742132411536, guid: 5b834262810734823b6610ba8d5d17cc,
        type: 3}
      propertyPath: m_LocalRotation.z
      value: -0.7071068
      objectReference: {fileID: 0}
    - target: {fileID: 2581451742132411536, guid: 5b834262810734823b6610ba8d5d17cc,
        type: 3}
      propertyPath: m_LocalRotation.w
      value: 0.7071068
      objectReference: {fileID: 0}
    - target: {fileID: 2581451742132411536, guid: 5b834262810734823b6610ba8d5d17cc,
        type: 3}
      propertyPath: m_RootOrder
      value: 4
      objectReference: {fileID: 0}
    - target: {fileID: 2581451742132411536, guid: 5b834262810734823b6610ba8d5d17cc,
        type: 3}
      propertyPath: m_LocalEulerAnglesHint.x
      value: 0
      objectReference: {fileID: 0}
    - target: {fileID: 2581451742132411536, guid: 5b834262810734823b6610ba8d5d17cc,
        type: 3}
      propertyPath: m_LocalEulerAnglesHint.y
      value: 0
      objectReference: {fileID: 0}
    - target: {fileID: 2581451742132411536, guid: 5b834262810734823b6610ba8d5d17cc,
        type: 3}
      propertyPath: m_LocalEulerAnglesHint.z
      value: -90
      objectReference: {fileID: 0}
    - target: {fileID: 5743342373164562440, guid: 5b834262810734823b6610ba8d5d17cc,
        type: 3}
      propertyPath: m_Name
      value: Porta
      objectReference: {fileID: 0}
    - target: {fileID: 8475551989271232641, guid: 5b834262810734823b6610ba8d5d17cc,
        type: 3}
      propertyPath: m_LocalPosition.y
      value: 8
      objectReference: {fileID: 0}
    m_RemovedComponents: []
  m_SourcePrefab: {fileID: 100100000, guid: 5b834262810734823b6610ba8d5d17cc, type: 3}
--- !u!4 &1298508553322003029 stripped
Transform:
  m_CorrespondingSourceObject: {fileID: 2581451742132411536, guid: 5b834262810734823b6610ba8d5d17cc,
    type: 3}
  m_PrefabInstance: {fileID: 3591077582403921605}
  m_PrefabAsset: {fileID: 0}
--- !u!1001 &7276163729884356747
PrefabInstance:
  m_ObjectHideFlags: 0
  serializedVersion: 2
  m_Modification:
    m_TransformParent: {fileID: 3591077581064663016}
    m_Modifications:
    - target: {fileID: 2158117711759852646, guid: 5b834262810734823b6610ba8d5d17cc,
        type: 3}
      propertyPath: whatIsRoom.m_Bits
      value: 2048
      objectReference: {fileID: 0}
    - target: {fileID: 2581451742132411536, guid: 5b834262810734823b6610ba8d5d17cc,
        type: 3}
      propertyPath: m_LocalPosition.x
      value: 0
      objectReference: {fileID: 0}
    - target: {fileID: 2581451742132411536, guid: 5b834262810734823b6610ba8d5d17cc,
        type: 3}
      propertyPath: m_LocalPosition.y
      value: 4.7
      objectReference: {fileID: 0}
    - target: {fileID: 2581451742132411536, guid: 5b834262810734823b6610ba8d5d17cc,
        type: 3}
      propertyPath: m_LocalPosition.z
      value: 0
      objectReference: {fileID: 0}
    - target: {fileID: 2581451742132411536, guid: 5b834262810734823b6610ba8d5d17cc,
        type: 3}
      propertyPath: m_LocalRotation.x
      value: -0
      objectReference: {fileID: 0}
    - target: {fileID: 2581451742132411536, guid: 5b834262810734823b6610ba8d5d17cc,
        type: 3}
      propertyPath: m_LocalRotation.y
      value: -0
      objectReference: {fileID: 0}
    - target: {fileID: 2581451742132411536, guid: 5b834262810734823b6610ba8d5d17cc,
        type: 3}
      propertyPath: m_LocalRotation.z
      value: -0
      objectReference: {fileID: 0}
    - target: {fileID: 2581451742132411536, guid: 5b834262810734823b6610ba8d5d17cc,
        type: 3}
      propertyPath: m_LocalRotation.w
      value: 1
      objectReference: {fileID: 0}
    - target: {fileID: 2581451742132411536, guid: 5b834262810734823b6610ba8d5d17cc,
        type: 3}
      propertyPath: m_RootOrder
      value: 2
      objectReference: {fileID: 0}
    - target: {fileID: 2581451742132411536, guid: 5b834262810734823b6610ba8d5d17cc,
        type: 3}
      propertyPath: m_LocalEulerAnglesHint.x
      value: 0
      objectReference: {fileID: 0}
    - target: {fileID: 2581451742132411536, guid: 5b834262810734823b6610ba8d5d17cc,
        type: 3}
      propertyPath: m_LocalEulerAnglesHint.y
      value: 0
      objectReference: {fileID: 0}
    - target: {fileID: 2581451742132411536, guid: 5b834262810734823b6610ba8d5d17cc,
        type: 3}
      propertyPath: m_LocalEulerAnglesHint.z
      value: 0
      objectReference: {fileID: 0}
    - target: {fileID: 5743342373164562440, guid: 5b834262810734823b6610ba8d5d17cc,
        type: 3}
      propertyPath: m_Name
      value: Porta
      objectReference: {fileID: 0}
    - target: {fileID: 8475551989271232641, guid: 5b834262810734823b6610ba8d5d17cc,
        type: 3}
      propertyPath: m_LocalPosition.y
      value: 8
      objectReference: {fileID: 0}
    m_RemovedComponents: []
  m_SourcePrefab: {fileID: 100100000, guid: 5b834262810734823b6610ba8d5d17cc, type: 3}
--- !u!4 &5127639486780095515 stripped
Transform:
  m_CorrespondingSourceObject: {fileID: 2581451742132411536, guid: 5b834262810734823b6610ba8d5d17cc,
    type: 3}
  m_PrefabInstance: {fileID: 7276163729884356747}
  m_PrefabAsset: {fileID: 0}
--- !u!1001 &7787352258838857422
PrefabInstance:
  m_ObjectHideFlags: 0
  serializedVersion: 2
  m_Modification:
    m_TransformParent: {fileID: 3591077581064663016}
    m_Modifications:
    - target: {fileID: 2158117711759852646, guid: 5b834262810734823b6610ba8d5d17cc,
        type: 3}
      propertyPath: whatIsRoom.m_Bits
      value: 2048
      objectReference: {fileID: 0}
    - target: {fileID: 2581451742132411536, guid: 5b834262810734823b6610ba8d5d17cc,
        type: 3}
      propertyPath: m_LocalPosition.x
      value: 0
      objectReference: {fileID: 0}
    - target: {fileID: 2581451742132411536, guid: 5b834262810734823b6610ba8d5d17cc,
        type: 3}
      propertyPath: m_LocalPosition.y
      value: -4.7
      objectReference: {fileID: 0}
    - target: {fileID: 2581451742132411536, guid: 5b834262810734823b6610ba8d5d17cc,
        type: 3}
      propertyPath: m_LocalPosition.z
      value: 0
      objectReference: {fileID: 0}
    - target: {fileID: 2581451742132411536, guid: 5b834262810734823b6610ba8d5d17cc,
        type: 3}
      propertyPath: m_LocalRotation.x
      value: 0
      objectReference: {fileID: 0}
    - target: {fileID: 2581451742132411536, guid: 5b834262810734823b6610ba8d5d17cc,
        type: 3}
      propertyPath: m_LocalRotation.y
      value: 0
      objectReference: {fileID: 0}
    - target: {fileID: 2581451742132411536, guid: 5b834262810734823b6610ba8d5d17cc,
        type: 3}
      propertyPath: m_LocalRotation.z
      value: 1
      objectReference: {fileID: 0}
    - target: {fileID: 2581451742132411536, guid: 5b834262810734823b6610ba8d5d17cc,
        type: 3}
      propertyPath: m_LocalRotation.w
      value: 0
      objectReference: {fileID: 0}
    - target: {fileID: 2581451742132411536, guid: 5b834262810734823b6610ba8d5d17cc,
        type: 3}
      propertyPath: m_RootOrder
      value: 5
      objectReference: {fileID: 0}
    - target: {fileID: 2581451742132411536, guid: 5b834262810734823b6610ba8d5d17cc,
        type: 3}
      propertyPath: m_LocalEulerAnglesHint.x
      value: 0
      objectReference: {fileID: 0}
    - target: {fileID: 2581451742132411536, guid: 5b834262810734823b6610ba8d5d17cc,
        type: 3}
      propertyPath: m_LocalEulerAnglesHint.y
      value: 0
      objectReference: {fileID: 0}
    - target: {fileID: 2581451742132411536, guid: 5b834262810734823b6610ba8d5d17cc,
        type: 3}
      propertyPath: m_LocalEulerAnglesHint.z
      value: 180
      objectReference: {fileID: 0}
    - target: {fileID: 5743342373164562440, guid: 5b834262810734823b6610ba8d5d17cc,
        type: 3}
      propertyPath: m_Name
      value: Porta
      objectReference: {fileID: 0}
    - target: {fileID: 8475551989271232641, guid: 5b834262810734823b6610ba8d5d17cc,
        type: 3}
      propertyPath: m_LocalPosition.y
      value: 8
      objectReference: {fileID: 0}
    m_RemovedComponents: []
  m_SourcePrefab: {fileID: 100100000, guid: 5b834262810734823b6610ba8d5d17cc, type: 3}
--- !u!4 &5746895698099477086 stripped
Transform:
  m_CorrespondingSourceObject: {fileID: 2581451742132411536, guid: 5b834262810734823b6610ba8d5d17cc,
    type: 3}
  m_PrefabInstance: {fileID: 7787352258838857422}
  m_PrefabAsset: {fileID: 0}
